@article{Cesare2016,
    author = {Cesare, M. D. and others},
    title = {Trends in adult body-mass index in 200 countries from 1975 to 2014: a pooled analysis of 1698 population-based measurement studies with 19.2 million participants},
    journal = {The Lancet},
    volume = {387},
    pages = {1377--1396},
    year = {2016}
}

@article{Afshin2017,
    author = {Afshin Forouzanfar Reitsma Sur Estep Lee Marczak M, A. M. and others},
    title = {Health Effects of Overweight and Obesity in 195 Countries over 25 Years},
    journal = {The New England Journal of Medicine},
    volume = {377},
    pages = {13--27},
    year = {2017}
}

@online{MeatConsumption,
    author = {Our World in Data},
    title = {Per Capita Meat Consumption by Type},
    year = {n.d.},
    url = {https://ourworldindata.org/grapher/per-capita-meat-type?tab=table}
}

@online{WHO2021,
    author = {World Health Organization},
    title = {Obesity and overweight},
    year = {2021},
    url = {https://www.who.int/news-room/fact-sheets/detail/obesity-and-overweight}
}

@online{AlcoholConsumption,
    author = {Our World in Data},
    title = {Alcohol consumption},
    year = {n.d.},
    url = {https://ourworldindata.org/alcohol-consumption}
}

@online{WorldHappiness2023,
    author = {World Happiness Report},
    title = {Appendices and Data},
    year = {2023},
    url = {https://worldhappiness.report/ed/2023/#appendices-and-data}
}

@online{GlobalHungerIndex,
    author = {Our World in Data},
    title = {Global Hunger Index},
    year = {n.d.},
    url = {https://ourworldindata.org/grapher/global-hunger-index}
}

@online{Smoking,
    author = {Our World in Data},
    title = {Smoking},
    year = {n.d.},
    url = {https://ourworldindata.org/smoking}
}
